@article{kirasich2018random,
  title={Random forest vs logistic regression: binary classification for heterogeneous datasets},
  author={Kirasich, Kaitlin and Smith, Trace and Sadler, Bivin},
  journal={SMU Data Science Review},
  volume={1},
  number={3},
  pages={9},
  year={2018}
}


@article{sanchez2018comparison,
  title={Comparison of variable selection methods for clinical predictive modeling},
  author={Sanchez-Pinto, L Nelson and Venable, Laura Ruth and Fahrenbach, John and Churpek, Matthew M},
  journal={International journal of medical informatics},
  volume={116},
  pages={10--17},
  year={2018},
  publisher={Elsevier}
}


@article{sanchez2018big,
  title={Big data and data science in critical care},
  author={Sanchez-Pinto, L Nelson and Luo, Yuan and Churpek, Matthew M},
  journal={Chest},
  volume={154},
  number={5},
  pages={1239--1248},
  year={2018},
  publisher={Elsevier}
}


@article{luu2020machine,
  title={Machine learning outperforms logistic regression analysis to predict next-season NHL player injury: an analysis of 2322 players from 2007 to 2017},
  author={Luu, Bryan C and Wright, Audrey L and Haeberle, Heather S and Karnuta, Jaret M and Schickendantz, Mark S and Makhni, Eric C and Nwachukwu, Benedict U and Williams III, Riley J and Ramkumar, Prem N},
  journal={Orthopaedic journal of sports medicine},
  volume={8},
  number={9},
  pages={2325967120953404},
  year={2020},
  publisher={SAGE Publications Sage CA: Los Angeles, CA}
}


@article{froud2021relative,
  title={Relative performance of machine learning and linear regression in predicting quality of life and academic performance of school children in Norway: data analysis of a quasi-experimental study},
  author={Froud, Robert and Hansen, Solveig Hakestad and Ruud, Hans Kristian and Foss, Jonathan and Ferguson, Leila and Fredriksen, Per Morten},
  journal={Journal of Medical Internet Research},
  volume={23},
  number={7},
  pages={e22021},
  year={2021},
  publisher={JMIR Publications Toronto, Canada}
}


@article{alzate2022predictions,
  title={Predictions of attrition among US Marine Corps: Comparison of four predictive methods},
  author={Alzate Vanegas, Juan Manuel and Wine, William and Drasgow, Fritz},
  journal={Military Psychology},
  volume={34},
  number={2},
  pages={147--166},
  year={2022},
  publisher={Taylor \& Francis}
}


@article{miller2016finding,
  title={Finding structure in data using multivariate tree boosting.},
  author={Miller, Patrick J and Lubke, Gitta H and McArtor, Daniel B and Bergeman, CS},
  journal={Psychological methods},
  volume={21},
  number={4},
  pages={583},
  year={2016},
  publisher={American Psychological Association}
}


@article{vijayakumar2019replicability,
  title={Replicability of machine learning models in the social sciences},
  author={Vijayakumar, Ranjith and Cheung, Mike W-L},
  journal={Zeitschrift F{\"u}r Psychologie},
  year={2019},
  publisher={Hogrefe Publishing}
}


@article{barandela2003new,
  title={New applications of ensembles of classifiers},
  author={Barandela, Ricardo and Valdovinos, Rosa Maria and S{\'a}nchez, Jos{\'e} Salvador},
  journal={Pattern Analysis \& Applications},
  volume={6},
  pages={245--256},
  year={2003},
  publisher={Springer}
}

@article{craninx2008artificial,
  title={Artificial neural network models of the rumen fermentation pattern in dairy cattle},
  author={Craninx, M and Fievez, Veerle and Vlaeminck, Bruno and De Baets, Bernard},
  journal={Computers and electronics in agriculture},
  volume={60},
  number={2},
  pages={226--238},
  year={2008},
  publisher={Elsevier}
}


@inproceedings{kubat1997addressing,
  title={Addressing the curse of imbalanced training sets: one-sided selection},
  author={Kubat, Miroslav and Matwin, Stan and others},
  booktitle={Icml},
  volume={97},
  number={1},
  pages={179},
  year={1997},
  organization={Citeseer}
}


@book{myers2013research,
  title={Research design and statistical analysis},
  author={Myers, Jerome L and Well, Arnold D and Lorch Jr, Robert F},
  year={2013},
  publisher={Routledge}
}


@article{chipman2010bart,
  title={BART: Bayesian additive regression trees},
  author={Chipman, Hugh A and George, Edward I and McCulloch, Robert E},
  year={2010}
}

@book{alpaydin2020introduction,
  title={Introduction to machine learning},
  author={Alpaydin, Ethem},
  year={2020},
  publisher={MIT press}
}


@book{marsland2011machine,
  title={Machine learning: an algorithmic perspective},
  author={Marsland, Stephen},
  year={2011},
  publisher={Chapman and Hall/CRC}
}


@article{mahesh2020machine,
  title={Machine learning algorithms-a review},
  author={Mahesh, Batta},
  journal={International Journal of Science and Research (IJSR).[Internet]},
  volume={9},
  number={1},
  pages={381--386},
  year={2020}
}


@article{sanchez2018big,
  title={Big data and data science in critical care},
  author={Sanchez-Pinto, L Nelson and Luo, Yuan and Churpek, Matthew M},
  journal={Chest},
  volume={154},
  number={5},
  pages={1239--1248},
  year={2018},
  publisher={Elsevier}
}


@article{van2014modern,
  title={Modern modelling techniques are data hungry: a simulation study for predicting dichotomous endpoints},
  author={van der Ploeg, Tjeerd and Austin, Peter C and Steyerberg, Ewout W},
  journal={BMC medical research methodology},
  volume={14},
  number={1},
  pages={1--13},
  year={2014},
  publisher={BioMed Central}
}


@inproceedings{dietterich2000ensemble,
  title={Ensemble methods in machine learning},
  author={Dietterich, Thomas G},
  booktitle={International workshop on multiple classifier systems},
  pages={1--15},
  year={2000},
  organization={Springer}
}


@book{hastie2009elements,
  title={The elements of statistical learning: data mining, inference, and prediction},
  author={Hastie, Trevor and Tibshirani, Robert and Friedman, Jerome H and Friedman, Jerome H},
  volume={2},
  year={2009},
  publisher={Springer}
}


@misc{douglass2020book,
  title={Book Review: Hands-on Machine Learning with Scikit-Learn, Keras, and Tensorflow, by Aur{\'e}lien G{\'e}ron: Oâ€™Reilly Media, 2019, 600 pp., ISBN: 978-1-492-03264-9},
  author={Douglass, Michael JJ},
  year={2020},
  publisher={Springer}
}


@article{he2009learning,
  title={Learning from imbalanced data},
  author={He, Haibo and Garcia, Edwardo A},
  journal={IEEE Transactions on knowledge and data engineering},
  volume={21},
  number={9},
  pages={1263--1284},
  year={2009},
  publisher={Ieee}
}


@article{beam2018big,
  title={Big data and machine learning in health care},
  author={Beam, Andrew L and Kohane, Isaac S},
  journal={Jama},
  volume={319},
  number={13},
  pages={1317--1318},
  year={2018},
  publisher={American Medical Association}
}


@misc{deo2016learning,
  title={Learning about machine learning: the promise and pitfalls of big data and the electronic health record},
  author={Deo, Rahul C and Nallamothu, Brahmajee K},
  journal={Circulation: Cardiovascular Quality and Outcomes},
  volume={9},
  number={6},
  pages={618--620},
  year={2016},
  publisher={Am Heart Assoc}
}


@article{boulesteix2014machine,
  title={Machine learning versus statistical modeling},
  author={Boulesteix, Anne-Laure and Schmid, Matthias},
  journal={Biometrical Journal},
  volume={56},
  number={4},
  pages={588--593},
  year={2014},
  publisher={Wiley Online Library}
}


@misc{mitchell1997machine,
  title={Machine learning},
  author={Mitchell, Tom M},
  year={1997}
}


@article{schoenfeldt1999dust,
  title={From dust bowl empiricism to rational constructs in biographical data},
  author={Schoenfeldt, Lyle F},
  journal={Human Resource Management Review},
  volume={9},
  number={2},
  pages={147--167},
  year={1999},
  publisher={Elsevier}
}


@article{cristianini2002support,
  title={Support vector machines and kernel methods: the new generation of learning machines},
  author={Cristianini, Nello and Scholkopf, Bernhard},
  journal={Ai Magazine},
  volume={23},
  number={3},
  pages={31--31},
  year={2002}
}


@article{collins2014external,
  title={External validation of multivariable prediction models: a systematic review of methodological conduct and reporting},
  author={Collins, Gary S and de Groot, Joris A and Dutton, Susan and Omar, Omar and Shanyinde, Milensu and Tajar, Abdelouahid and Voysey, Merryn and Wharton, Rose and Yu, Ly-Mee and Moons, Karel G and others},
  journal={BMC medical research methodology},
  volume={14},
  number={1},
  pages={1--11},
  year={2014},
  publisher={BioMed Central}
}



@article{breiman2001statistical,
  title={Statistical modeling: The two cultures (with comments and a rejoinder by the author)},
  author={Breiman, Leo},
  journal={Statistical science},
  volume={16},
  number={3},
  pages={199--231},
  year={2001},
  publisher={Institute of Mathematical Statistics}
}


@inproceedings{davis2006relationship,
  title={The relationship between Precision-Recall and ROC curves},
  author={Davis, Jesse and Goadrich, Mark},
  booktitle={Proceedings of the 23rd international conference on Machine learning},
  pages={233--240},
  year={2006}
}



@article{griffeth2000meta,
  title={A meta-analysis of antecedents and correlates of employee turnover: Update, moderator tests, and research implications for the next millennium},
  author={Griffeth, Rodger W and Hom, Peter W and Gaertner, Stefan},
  journal={Journal of management},
  volume={26},
  number={3},
  pages={463--488},
  year={2000},
  publisher={Sage Publications Sage CA: Thousand Oaks, CA}
}


@article{lee2021overlooked,
  title={An overlooked cost of contracting out: Evidence from employee turnover intention in US Federal Agencies},
  author={Lee, Gyeo Reh and Fernandez, Sergio and Lee, Shinwoo},
  journal={Public Personnel Management},
  volume={50},
  number={3},
  pages={381--407},
  year={2021},
  publisher={SAGE Publications Sage CA: Los Angeles, CA}
}


@article{meyer2004employee,
  title={Employee commitment and motivation: a conceptual analysis and integrative model.},
  author={Meyer, John P and Becker, Thomas E and Vandenberghe, Christian},
  journal={Journal of applied psychology},
  volume={89},
  number={6},
  pages={991},
  year={2004},
  publisher={American Psychological Association}
}


@article{hom2012reviewing,
  title={Reviewing employee turnover: focusing on proximal withdrawal states and an expanded criterion.},
  author={Hom, Peter W and Mitchell, Terence R and Lee, Thomas W and Griffeth, Rodger W},
  journal={Psychological bulletin},
  volume={138},
  number={5},
  pages={831},
  year={2012},
  publisher={American Psychological Association}
}


@book{hosmer2013applied,
  title={Applied logistic regression},
  author={Hosmer Jr, David W and Lemeshow, Stanley and Sturdivant, Rodney X},
  volume={398},
  year={2013},
  publisher={John Wiley \& Sons}
}


@article{guyon2003introduction,
  title={An introduction to variable and feature selection},
  author={Guyon, Isabelle and Elisseeff, Andr{\'e}},
  journal={Journal of machine learning research},
  volume={3},
  number={Mar},
  pages={1157--1182},
  year={2003}
}


@article{franzen2022developing,
  title={Developing and Validating a Short-Form Questionnaire for the Assessment of Seven Facets of Conscientiousness in Large-Scale Assessments},
  author={Franzen, Patrick and Arens, A Katrin and Greiff, Samuel and van der Westhuizen, Lindie and Fischbach, Antoine and Wollschl{\"a}ger, Rachel and Niepel, Christoph},
  journal={Journal of Personality Assessment},
  volume={104},
  number={6},
  pages={759--773},
  year={2022},
  publisher={Taylor \& Francis}
}

@article{shore1991construct,
  title={A construct validity study of the survey of perceived organizational support.},
  author={Shore, Lynn M and Tetrick, Lois E},
  journal={Journal of applied psychology},
  volume={76},
  number={5},
  pages={637},
  year={1991},
  publisher={American Psychological Association}
}

@article{meyer1991three,
  title={A three-component conceptualization of organizational commitment},
  author={Meyer, John P and Allen, Natalie J},
  journal={Human resource management review},
  volume={1},
  number={1},
  pages={61--89},
  year={1991},
  publisher={Elsevier}
}

@article{shamir2004single,
  title={A single-item graphic scale for the measurement of organizational identification},
  author={Shamir, Boas and Kark, Ronit},
  journal={Journal of Occupational and Organizational Psychology},
  volume={77},
  number={1},
  pages={115--123},
  year={2004},
  publisher={Wiley Online Library}
}

@article{reeve2001refining,
  title={Refining Lodahl and Kejnerâ€™s job involvement scale with a convergent evidence approach: Applying multiple methods to multiple samples},
  author={Reeve, Charlie L and Smith, Carlla S},
  journal={Organizational Research Methods},
  volume={4},
  number={2},
  pages={91--111},
  year={2001},
  publisher={Sage Publications}
}


@article{salgado2003international,
  title={International validity generalization of GMA and cognitive abilities: A European Community meta-analysis},
  author={Salgado, Jesus F and Anderson, Neil and Moscoso, Silvia and Bertua, Cristina and De Fruyt, Filip},
  journal={Personnel Psychology},
  volume={56},
  number={3},
  pages={573--605},
  year={2003},
  publisher={Wiley Online Library}
}

@article{schaufeli2017ultra,
  title={An ultra-short measure for work engagement},
  author={Schaufeli, Wilmar B and Shimazu, Akihito and Hakanen, Jari and Salanova, Marisa and De Witte, Hans},
  journal={European Journal of Psychological Assessment},
  year={2017},
  publisher={Hogrefe Publishing}
}

@article{barrick2012select,
  title={Select on conscientiousness and emotional stability},
  author={Barrick, Murray R and Mount, Michael K},
  journal={Handbook of Principles of Organizational Behavior: Indispensable Knowledge for Evidence-Based Management},
  pages={19--39},
  year={2012},
  publisher={Wiley Online Library}
}


@article{cho2012turnover,
  title={Turnover intention and turnover behavior: Implications for retaining federal employees},
  author={Cho, Yoon Jik and Lewis, Gregory B},
  journal={Review of public personnel administration},
  volume={32},
  number={1},
  pages={4--23},
  year={2012},
  publisher={SAGE Publications Sage CA: Los Angeles, CA}
}


@article{cohen2016does,
  title={Does turnover intention matter? Evaluating the usefulness of turnover intention rate as a predictor of actual turnover rate},
  author={Cohen, Galia and Blake, Robert S and Goodman, Doug},
  journal={Review of Public Personnel Administration},
  volume={36},
  number={3},
  pages={240--263},
  year={2016},
  publisher={SAGE Publications Sage CA: Los Angeles, CA}
}


@article{varoquaux2018cross,
  title={Cross-validation failure: Small sample sizes lead to large error bars},
  author={Varoquaux, Ga{\"e}l},
  journal={Neuroimage},
  volume={180},
  pages={68--77},
  year={2018},
  publisher={Elsevier}
}

@article{choi2011organizational,
  title={Organizational justice and employee work attitudes: The federal case},
  author={Choi, Sungjoo},
  journal={The American Review of Public Administration},
  volume={41},
  number={2},
  pages={185--204},
  year={2011},
  publisher={Sage Publications Sage CA: Los Angeles, CA}
}


@article{smith2005achieving,
  title={Achieving readiness for organisational change},
  author={Smith, Ian},
  journal={Library management},
  volume={26},
  number={6/7},
  pages={408--412},
  year={2005},
  publisher={Emerald Group Publishing Limited}
}



@article{maertz2007effects,
  title={The effects of perceived organizational support and perceived supervisor support on employee turnover},
  author={Maertz Jr, Carl P and Griffeth, Rodger W and Campbell, Nathanael S and Allen, David G},
  journal={Journal of Organizational Behavior: The International Journal of Industrial, Occupational and Organizational Psychology and Behavior},
  volume={28},
  number={8},
  pages={1059--1075},
  year={2007},
  publisher={Wiley Online Library}
}


@article{porter1974organizational,
  title={Organizational commitment, job satisfaction, and turnover among psychiatric technicians.},
  author={Porter, Lyman W and Steers, Richard M and Mowday, Richard T and Boulian, Paul V},
  journal={Journal of applied psychology},
  volume={59},
  number={5},
  pages={603},
  year={1974},
  publisher={American Psychological Association}
}



@article{johnson2000factors,
  title={Factors discriminating functional and dysfunctional salesforce turnover},
  author={Johnson, Julie T and Griffeth, Rodger W and Griffin, Mitch},
  journal={Journal of business \& industrial marketing},
  volume={15},
  number={6},
  pages={399--415},
  year={2000},
  publisher={MCB UP Ltd}
}


@article{cotton1986employee,
  title={Employee turnover: A meta-analysis and review with implications for research},
  author={Cotton, John L and Tuttle, Jeffrey M},
  journal={Academy of management Review},
  volume={11},
  number={1},
  pages={55--70},
  year={1986},
  publisher={Academy of Management Briarcliff Manor, NY 10510}
}


@article{choi2009diversity,
  title={Diversity in the US federal government: Diversity management and employee turnover in federal agencies},
  author={Choi, Sungjoo},
  journal={Journal of Public Administration Research and Theory},
  volume={19},
  number={3},
  pages={603--630},
  year={2009},
  publisher={Oxford University Press}
}



@article{curry2005training,
  title={Training, transfer, and turnover: Exploring the relationship among transfer of learning factors and staff retention in child welfare},
  author={Curry, Dale and McCarragher, Timothy and Dellmann-Jenkins, Mary},
  journal={Children and Youth Services Review},
  volume={27},
  number={8},
  pages={931--948},
  year={2005},
  publisher={Elsevier}
}


@article{durst1999assessing,
  title={Assessing the effect of family friendly programs on public organizations},
  author={Durst, Samantha L},
  journal={Review of Public Personnel Administration},
  volume={19},
  number={3},
  pages={19--33},
  year={1999},
  publisher={Sage Publications Sage CA: Thousand Oaks, CA}
}



@article{kim2017employee,
  title={Employee empowerment and turnover intention in the US federal bureaucracy},
  author={Kim, Sun Young and Fernandez, Sergio},
  journal={The American review of public administration},
  volume={47},
  number={1},
  pages={4--22},
  year={2017},
  publisher={SAGE Publications Sage CA: Los Angeles, CA}
}



@article{wynen2014impact,
  title={The impact of the financial and economic crisis on turnover intention in the US federal government},
  author={Wynen, Jan and Op de Beeck, Sophie},
  journal={Public Personnel Management},
  volume={43},
  number={4},
  pages={565--585},
  year={2014},
  publisher={SAGE Publications Sage CA: Los Angeles, CA}
}



@article{pitts2011so,
  title={So hard to say goodbye? Turnover intention among US federal employees},
  author={Pitts, David and Marvel, John and Fernandez, Sergio},
  journal={Public administration review},
  volume={71},
  number={5},
  pages={751--760},
  year={2011},
  publisher={Wiley Online Library}
}



@article{lewis1992men,
  title={Men and women toward the top: Backgrounds, careers, and potential of federal middle managers},
  author={Lewis, Gregory B},
  journal={Public personnel management},
  volume={21},
  number={4},
  pages={473--492},
  year={1992},
  publisher={SAGE Publications Sage CA: Los Angeles, CA}
}


@article{liss2015loving,
  title={Loving and leaving public health: predictors of intentions to quit among state health agency workers},
  author={Liss-Levinson, Rivka and Bharthapudi, Kiran and Leider, Jonathon P and Sellers, Katie},
  journal={Journal of Public Health Management and Practice},
  volume={21},
  number={Suppl 6},
  pages={S91},
  year={2015},
  publisher={Wolters Kluwer Health}
}



@article{joo2012model,
  title={A model for predicting learning flow and achievement in corporate e-learning},
  author={Joo, Young Ju and Lim, Kyu Yon and Kim, Su Mi},
  journal={Educational Technology \& Society},
  volume={15},
  number={1},
  pages={313},
  year={2012},
  publisher={JSTOR}
}


@article{weaver2015intent,
  title={Intent to exit: Why do US Federal employees leave?},
  author={Weaver, Tory L},
  journal={International Journal of Public Administration},
  volume={38},
  number={6},
  pages={442--452},
  year={2015},
  publisher={Taylor \& Francis}
}



@article{pink2017examining,
  title={Examining the impact of federal employee wellness programs and employee resilience in the federal workplace},
  author={Pink-Harper, Stephanie A and Rauhaus, Beth},
  journal={Journal of Health and Human Services Administration},
  volume={40},
  number={3},
  pages={353--387},
  year={2017},
  publisher={JSTOR}
}



@article{wynen2014impact,
  title={The impact of the financial and economic crisis on turnover intention in the US federal government},
  author={Wynen, Jan and Op de Beeck, Sophie},
  journal={Public Personnel Management},
  volume={43},
  number={4},
  pages={565--585},
  year={2014},
  publisher={SAGE Publications Sage CA: Los Angeles, CA}
}



@article{ko2014impacts,
  title={The impacts of employee benefits, procedural justice, and managerial trustworthiness on work attitudes: Integrated understanding based on social exchange theory},
  author={Ko, Jaekwon and Hur, SeungUk},
  journal={Public Administration Review},
  volume={74},
  number={2},
  pages={176--187},
  year={2014},
  publisher={Wiley Online Library}
}


@article{ertas2015turnover,
  title={Turnover intentions and work motivations of millennial employees in federal service},
  author={Ertas, Nevbahar},
  journal={Public personnel management},
  volume={44},
  number={3},
  pages={401--423},
  year={2015},
  publisher={Sage Publications Sage CA: Los Angeles, CA}
}

@article{xu2020deep,
  title={A deep learning system to screen novel coronavirus disease 2019 pneumonia},
  author={Xu, Xiaowei and Jiang, Xiangao and Ma, Chunlian and Du, Peng and Li, Xukun and Lv, Shuangzhi and Yu, Liang and Ni, Qin and Chen, Yanfei and Su, Junwei and others},
  journal={Engineering},
  volume={6},
  number={10},
  pages={1122--1129},
  year={2020},
  publisher={Elsevier}
}

@article{macijauskieneartificial,
  title={Artificial Intelligence Solution in Human Resources Management: Case Study of Chatbotâ€™s Implication},
  author={Macijauskien, Ieva and Stankevi, ivil},
  journal={STRATEGICA},
  year=2021,
  pages={517}
}


@article{fallucchi2020predicting,
  title={Predicting employee attrition using machine learning techniques},
  author={Fallucchi, Francesca and Coladangelo, Marco and Giuliano, Romeo and William De Luca, Ernesto},
  journal={Computers},
  volume={9},
  number={4},
  pages={86},
  year={2020},
  publisher={MDPI}
}


@article{rkab2019recruitment,
  title={Recruitment in the times of machine learning},
  author={R{\k{a}}b-Kettler, Karolina and Lehnervp, Bada},
  journal={Management Systems in Production Engineering},
  year={2019}
}

@article{tambe2019artificial,
  title={Artificial intelligence in human resources management: Challenges and a path forward},
  author={Tambe, Prasanna and Cappelli, Peter and Yakubovich, Valery},
  journal={California Management Review},
  volume={61},
  number={4},
  pages={15--42},
  year={2019},
  publisher={SAGE Publications Sage CA: Los Angeles, CA}
}

@article{mitchell20015,
  title={5. The unfolding model of voluntary turnover and job embeddedness: Foundations for a comprehensive theory of attachment},
  author={Mitchell, Terence R and Lee, Thomas W},
  journal={Research in organizational behavior},
  volume={23},
  pages={189--246},
  year={2001},
  publisher={Elsevier}
}

@article{mobley1979review,
  title={Review and conceptual analysis of the employee turnover process.},
  author={Mobley, William H and Griffeth, Rodger W and Hand, Herbert H and Meglino, Bruce M},
  journal={Psychological bulletin},
  volume={86},
  number={3},
  pages={493},
  year={1979},
  publisher={American Psychological Association}
}

@article{griffeth2000meta,
  title={A meta-analysis of antecedents and correlates of employee turnover: Update, moderator tests, and research implications for    the next millennium},
  author={Griffeth, Rodger W and Hom, Peter W and Gaertner, Stefan},
  journal={Journal of management},
  volume={26},
  number={3},
  pages={463--488},
  year={2000},
  publisher={Sage Publications Sage CA: Thousand Oaks, CA}
}

@article{rkab2019recruitment,
  title={Recruitment in the times of machine learning},
  author={R{\k{a}}b-Kettler, Karolina and Lehnervp, Bada},
  journal={Management Systems in Production Engineering},
  year={2019}
}

@article{fallucchi2020predicting,
  title={Predicting employee attrition using machine learning techniques},
  author={Fallucchi, Francesca and Coladangelo, Marco and Giuliano, Romeo and William De Luca, Ernesto},
  journal={Computers},
  volume={9},
  number={4},
  pages={86},
  year={2020},
  publisher={MDPI}
}

@article{tuffaha2022role,
  title={The role of Artificial Intelligence in transforming HRM functions. A literature review},
  author={Tuffaha, Mohand and Perell{\'o} Mar{\'\i}n, Mar{\'\i}a Rosario and Su{\'a}rez Ruz, Mar{\'\i}a Esperanza},
  booktitle={Proceedings 3rd International Conference. Business Meets Technology},
  pages={195--200},
  year={2022},
  organization={Editorial Universitat Polit{\`e}cnica de Val{\`e}ncia}
}

@book{hosmer2013applied,
  title={Applied logistic regression},
  author={Hosmer Jr, David W and Lemeshow, Stanley and Sturdivant, Rodney X},
  volume={398},
  year={2013},
  publisher={John Wiley \& Sons}
}

@article{cox1972regression,
  title={Regression models and life-tables},
  author={Cox, David R},
  journal={Journal of the Royal Statistical Society: Series B (Methodological)},
  volume={34},
  number={2},
  pages={187--202},
  year={1972},
  publisher={Wiley Online Library}
}

@article{meyer2004employee,
  title={Employee commitment and motivation: a conceptual analysis and integrative model.},
  author={Meyer, John P and Becker, Thomas E and Vandenberghe, Christian},
  journal={Journal of applied psychology},
  volume={89},
  number={6},
  pages={991},
  year={2004},
  publisher={American Psychological Association}
}

@article{hom2009explaining,
  title={Explaining employment relationships with social exchange and job embeddedness.},
  author={Hom, Peter W and Tsui, Anne S and Wu, Joshua B and Lee, Thomas W and Zhang, Ann Yan and Fu, Ping Ping and Li, Lan},
  journal={Journal of Applied psychology},
  volume={94},
  number={2},
  pages={277},
  year={2009},
  publisher={American Psychological Association}
}

@article{breiman2001random,
  title={Random forests},
  author={Breiman, Leo},
  journal={Machine learning},
  volume={45},
  pages={5--32},
  year={2001},
  publisher={Springer}
}

@book{hastie2009elements,
  title={The elements of statistical learning: data mining, inference, and prediction},
  author={Hastie, Trevor and Tibshirani, Robert and Friedman, Jerome H and Friedman, Jerome H},
  volume={2},
  year={2009},
  publisher={Springer}
}


@article{mitchell2001people,
  title={Why people stay: Using job embeddedness to predict voluntary turnover},
  author={Mitchell, Terence R and Holtom, Brooks C and Lee, Thomas W and Sablynski, Chris J and Erez, Miriam},
  journal={Academy of management journal},
  volume={44},
  number={6},
  pages={1102--1121},
  year={2001},
  publisher={Academy of Management Briarcliff Manor, NY 10510}
}

@article{niculescu2005predicting,
  title={Predicting good probabilities with supervised learning},
  author={Niculescu-Mizil, Alexandru and Caruana, Rich},
  booktitle={Proceedings of the 22nd international conference on Machine learning},
  pages={625--632},
  year={2005}
}

@article{kermany2018identifying,
  title={Identifying medical diagnoses and treatable diseases by image-based deep learning},
  author={Kermany, Daniel S and Goldbaum, Michael and Cai, Wenjia and Valentim, Carolina CS and Liang, Huiying and Baxter, Sally L     and McKeown, Alex and Yang, Ge and Wu, Xiaokang and Yan, Fangbing and others},
  journal={cell},
  volume={172},
  number={5},
  pages={1122--1131},
  year={2018},
  publisher={Elsevier}
}

@article{biswas2020prediction,
  title={Prediction of creep failure time using machine learning},
  author={Biswas, Soumyajyoti and Fernandez Castellanos, David and Zaiser, Michael},
  journal={Scientific Reports},
  volume={10},
  number={1},
  pages={16910},
  year={2020},
  publisher={Nature Publishing Group UK London}
}


@Manual{R-base,
  title = {R: A Language and Environment for Statistical Computing},
  author = {{R Core Team}},
  organization = {R Foundation for Statistical Computing},
  address = {Vienna, Austria},
  year = {2023},
  url = {https://www.R-project.org/},
}
@Manual{R-papaja,
  title = {{papaja}: {Prepare} reproducible {APA} journal articles with {R Markdown}},
  author = {Frederik Aust and Marius Barth},
  year = {2022},
  note = {R package version 0.1.1},
  url = {https://github.com/crsh/papaja},
}
@Manual{R-tinylabels,
  title = {{tinylabels}: Lightweight Variable Labels},
  author = {Marius Barth},
  year = {2022},
  note = {R package version 0.2.3},
  url = {https://cran.r-project.org/package=tinylabels},
}
@Manual{R-dplyr,
  title = {dplyr: A Grammar of Data Manipulation},
  author = {Hadley Wickham and Romain FranÃ§ois and Lionel Henry and Kirill MÃ¼ller and Davis Vaughan},
  year = {2023},
  note = {R package version 1.1.4},
  url = {https://CRAN.R-project.org/package=dplyr},
}
@Manual{R-forcats,
  title = {forcats: Tools for Working with Categorical Variables (Factors)},
  author = {Hadley Wickham},
  year = {2023},
  note = {R package version 1.0.0},
  url = {https://CRAN.R-project.org/package=forcats},
}
@Book{R-ggplot2,
  author = {Hadley Wickham},
  title = {ggplot2: Elegant Graphics for Data Analysis},
  publisher = {Springer-Verlag New York},
  year = {2016},
  isbn = {978-3-319-24277-4},
  url = {https://ggplot2.tidyverse.org},
}
@Article{R-lubridate,
  title = {Dates and Times Made Easy with {lubridate}},
  author = {Garrett Grolemund and Hadley Wickham},
  journal = {Journal of Statistical Software},
  year = {2011},
  volume = {40},
  number = {3},
  pages = {1--25},
  url = {https://www.jstatsoft.org/v40/i03/},
}
@Manual{R-purrr,
  title = {purrr: Functional Programming Tools},
  author = {Hadley Wickham and Lionel Henry},
  year = {2023},
  note = {R package version 1.0.1},
  url = {https://CRAN.R-project.org/package=purrr},
}
@Manual{R-readr,
  title = {readr: Read Rectangular Text Data},
  author = {Hadley Wickham and Jim Hester and Jennifer Bryan},
  year = {2023},
  note = {R package version 2.1.4},
  url = {https://CRAN.R-project.org/package=readr},
}
@Manual{R-stringr,
  title = {stringr: Simple, Consistent Wrappers for Common String Operations},
  author = {Hadley Wickham},
  year = {2023},
  note = {R package version 1.5.1},
  url = {https://CRAN.R-project.org/package=stringr},
}
@Manual{R-tibble,
  title = {tibble: Simple Data Frames},
  author = {Kirill MÃ¼ller and Hadley Wickham},
  year = {2023},
  note = {R package version 3.2.1},
  url = {https://CRAN.R-project.org/package=tibble},
}
@Manual{R-tidyr,
  title = {tidyr: Tidy Messy Data},
  author = {Hadley Wickham and Davis Vaughan and Maximilian Girlich},
  year = {2023},
  note = {R package version 1.3.0},
  url = {https://CRAN.R-project.org/package=tidyr},
}
@Article{R-tidyverse,
  title = {Welcome to the {tidyverse}},
  author = {Hadley Wickham and Mara Averick and Jennifer Bryan and Winston Chang and Lucy D'Agostino McGowan and Romain FranÃ§ois and Garrett Grolemund and Alex Hayes and Lionel Henry and Jim Hester and Max Kuhn and Thomas Lin Pedersen and Evan Miller and Stephan Milton Bache and Kirill MÃ¼ller and Jeroen Ooms and David Robinson and Dana Paige Seidel and Vitalie Spinu and Kohske Takahashi and Davis Vaughan and Claus Wilke and Kara Woo and Hiroaki Yutani},
  year = {2019},
  journal = {Journal of Open Source Software},
  volume = {4},
  number = {43},
  pages = {1686},
  doi = {10.21105/joss.01686},
}
@Manual{R-kableExtra,
  title = {kableExtra: Construct Complex Table with 'kable' and Pipe Syntax},
  author = {Hao Zhu},
  year = {2024},
  note = {R package version 1.4.0},
  url = {https://CRAN.R-project.org/package=kableExtra},
}
@Book{R-knitr,
  title = {Dynamic Documents with {R} and knitr},
  author = {Yihui Xie},
  publisher = {Chapman and Hall/CRC},
  address = {Boca Raton, Florida},
  year = {2015},
  edition = {2nd},
  note = {ISBN 978-1498716963},
  url = {https://yihui.org/knitr/},
}
@Manual{R-haven,
  title = {haven: Import and Export 'SPSS', 'Stata' and 'SAS' Files},
  author = {Hadley Wickham and Evan Miller and Danny Smith},
  year = {2023},
  note = {R package version 2.5.2},
  url = {https://CRAN.R-project.org/package=haven},
}

@misc{zou2018ai,
  title={AI can be sexist and racistâ€”itâ€™s time to make it fair},
  author={Zou, James and Schiebinger, Londa},
  year={2018},
  publisher={Nature Publishing Group UK London}
}


@inproceedings{raji2019actionable,
  title={Actionable auditing: Investigating the impact of publicly naming biased performance results of commercial ai products},
  author={Raji, Inioluwa Deborah and Buolamwini, Joy},
  booktitle={Proceedings of the 2019 AAAI/ACM Conference on AI, Ethics, and Society},
  pages={429--435},
  year={2019}
}

@article{lawler1979michigan,
  title={Michigan organizational assessment questionnaire},
  author={Lawler, Edward and Cammann, Cortlandt and Nadler, David and Jenkins, Douglas},
  journal={Journal of vocational behavior},
  year={1979}
}

@book{seashore1983assessing,
  title={Assessing organizational change: A guide to methods, measures, and practices.},
  author={Seashore, Stanley E and Lawler III, Edward E and Mirvis, Philip H and Cammann, Cortlandt Ed},
  year={1983},
  publisher={John Wiley \& Sons Inc}
}