
@article{U.Bottigli2007,
	title = {Superior Performances Of The Neural Network On The Masses Lesions Classification Through Morphological Lesion Differences},
	author = {{U. Bottigli} and {R.Chiarucci} and {B. Golosio} and {G.L. Masala} and {P. Oliva} and {S.Stumbo} and {D.Cascio} and {F. Fauci} and {M. Glorioso} and {M. Iacomi} and {R. Magro} and {G. Raso}},
	year = {2007},
	month = {02},
	date = {2007-02-20},
	journal = {Zenodo},
	doi = {10.5281/ZENODO.1055440},
	url = {https://zenodo.org/record/1055440},
	langid = {en}
}
